@MISC{RCNN,
	HOWPUBLISHED = "\url{https://towardsdatascience.com/r-cnn-fast-r-cnn-faster-r-cnn-yolo-object-detection-algorithms-36d53571365e}",
	AUTHOR = "Rohith Gandhi",
	TITLE = "Object Detection Algorithms",
	MONTH = "07",
	YEAR = "2019"
}

@MISC{YOLO_FUNCIONAMIENTO,
	HOWPUBLISHED = "\url{https://pjreddie.com/darknet/yolov1/}",
	AUTHOR = "Redmon, Joseph and Farhadi, Ali",
	TITLE = "YOLO: Real-Time Object Detection",
	MONTH = "08",
	YEAR = "2018"
}

@MISC{KALMAN_FILTER,
	HOWPUBLISHED = "\url{https://www.kalmanfilter.net/}",
	AUTHOR = "Alex Becker",
	TITLE = "KalmanFilter.NET",
	YEAR = "2015"
}

@MISC{OSNET,
	HOWPUBLISHED = "\url{https://arxiv.org/pdf/1905.00953.pdf}",
	AUTHOR = "Kaiyang Zhou, Yongxin Yang",
	TITLE = "Omni-Scale Feature Learning for Person Re-Identification",
	MONTH = "12",
	YEAR = "2019"
}

@MISC{DEEPMAR,
	HOWPUBLISHED = "\url{http://dangweili.github.io/misc/pdfs/acpr15-att.pdf}",
	AUTHOR = "Dangwei Li, Kaiqi Huang",
	TITLE = "Multi-attribute Learning for Pedestrian Attribute Recognition",
	MONTH = "11",
	YEAR = "2018"
}

@MISC{YOLO_MODELO,
	HOWPUBLISHED = "\url{https://pjreddie.com/darknet/yolo/}",
	AUTHOR = "Redmon, Joseph and Farhadi, Ali",
	TITLE = "YOLO: AN Incremental Improvement",
	MONTH = "08",
	YEAR = "2018"
}

@MISC{DEEPSORT_MODELO,
	HOWPUBLISHED = "\url{https://github.com/nwojke/cosine_metric_learning}",
	AUTHOR = "Wojke, Nicolai and Bewley, Alex",
	TITLE = "Cosine metric model for person tracking",
	MONTH = "10",
	YEAR = "2018"
}

@MISC{OSNET_MODELO,
	HOWPUBLISHED = "\url{https://kaiyangzhou.github.io/deep-person-reid/MODEL_ZOO}",
	AUTHOR = "Zhou, Kaiyang and Xiang, Tao",
	TITLE = "Torchreid: A Library for Deep Learning Person Re-Identification in Pytorch",
	MONTH = "12",
	YEAR = "2019"
}

@MISC{DATASETS,
	HOWPUBLISHED = "\url{https://github.com/NEU-Gou/awesome-reid-dataset}",
	AUTHOR = "Mengran Gou",
	TITLE = "Person Re-identification Datasets",
	MONTH = "01",
	YEAR = "2020"
}

@MISC{RPIfield,
	HOWPUBLISHED = "\url{https://github.com/MZhengRPI/RPIfield}",
	AUTHOR = "Meng Zheng",
	TITLE = "RPIfield dataset",
	MONTH = "08",
	YEAR = "2020"
}

@MISC{IMAGENET,
	HOWPUBLISHED = "\url{https://image-net.org/}",
	AUTHOR = "Stanford Vision Lab, Stanford University, Princeton University",
	TITLE = "ImageNet",
	MONTH = "3",
	YEAR = "2021"
}

@MISC{BalancedAccuracy,
	HOWPUBLISHED = "\url{https://scikit-learn.org/stable/modules/generated/sklearn.metrics.balanced_accuracy_score.html}",
	AUTHOR = "Balanced accuracy score",
	TITLE = "scikit-learn",
	MONTH = "3",
	YEAR = "2020"
}

@MISC{mAP,
	HOWPUBLISHED = "\url{https://scikit-learn.org/stable/modules/generated/sklearn.metrics.average_precision_score.html}",
	AUTHOR = "Average precision score",
	TITLE = "scikit-learn",
	MONTH = "3",
	YEAR = "2020"
}

@MISC{METRICA_SILUETA,
	HOWPUBLISHED = "\url{https://scikit-learn.org/stable/modules/generated/sklearn.metrics.silhouette_score.html}",
	AUTHOR = "Solhouette score",
	TITLE = "scikit-learn",
	MONTH = "3",
	YEAR = "2020"
}

@MISC{COSINE_SIMILARITY,
	HOWPUBLISHED = "\url{https://scikit-learn.org/stable/modules/generated/sklearn.metrics.pairwise.cosine_similarity.html}",
	AUTHOR = "Cosine similarity",
	TITLE = "scikit-learn",
	MONTH = "3",
	YEAR = "2020"
}

@MISC{NEAREST_CENTROID,
	HOWPUBLISHED = "\url{https://scikit-learn.org/stable/modules/generated/sklearn.neighbors.NearestCentroid.html}",
	AUTHOR = "Nearest Centroid",
	TITLE = "scikit-learn",
	MONTH = "3",
	YEAR = "2020"
}

@MISC{FLASK,
	HOWPUBLISHED = "\url{https://flask.palletsprojects.com/en/2.0.x/}",
	AUTHOR = "Armin Ronacher",
	TITLE = "Flask microframework web development"
}

@MISC{API_REST,
	HOWPUBLISHED = "\url{https://flask.palletsprojects.com/en/2.0.x/api/}",
	AUTHOR = "Armin Ronacher",
	TITLE = "Flask API"
}

@MISC{POLYGON_TEST_INSIDE,
	HOWPUBLISHED = "\url{https://flask-socketio.readthedocs.io/en/latest/}",
	AUTHOR = "GeeksForGeeks",
	TITLE = "Flask SocketIO",
	MONTH = "6",
	YEAR = "2021",
}

@MISC{WEBSOCKETS,
	HOWPUBLISHED = "\url{https://www.geeksforgeeks.org/how-to-check-if-a-given-point-lies-inside-a-polygon/}",
	AUTHOR = "Armin Ronacher",
	TITLE = "How to check if a given point lies inside or outside a polygon?"
}

@MISC{TIENDA_ORIGINAL,
	HOWPUBLISHED = "\url{https://www.youtube.com/watch?v=KMJS66jBtVQc}",
	AUTHOR = "HDCCTV Cameras",
	TITLE = "HD CCTV Camera video retail store",
	MONTH = "12",
	YEAR = "2017",
	URLDATE = {2017-12-25}
}

@MISC{SIMS3,
	HOWPUBLISHED = "\url{https://www.ea.com/es-es/games/the-sims/the-sims-3}",
	AUTHOR = "Electronic Arts",
	TITLE = "Los Sims 3",
	MONTH = "6",
	YEAR = "2009"
}

@MISC{DEMO:1,
	HOWPUBLISHED = "\url{https://youtu.be/LzRwI_e-gh0}",
	AUTHOR = "Hernán Contigiani",
	TITLE = "PBT: Demo de tienda",
	MONTH = "7",
	YEAR = "2021",
	URLDATE = {2021-07-03}
}

@MISC{DEMO:2,
	HOWPUBLISHED = "\url{https://youtu.be/6CvBsHmHaSI}",
	AUTHOR = "Hernán Contigiani",
	TITLE = "PBT: Demo de Los Sims",
	MONTH = "7",
	YEAR = "2021",
	URLDATE = {2021-07-03}
}
